@article{guin2013counterfeit, title={Counterfeit IC detection and challenges
ahead}, author={Guin, U and Tehranipoor, M and DiMase, D and Megrdician, M},
journal={ACM SIGDA}, year={2013} }

@article{rostami2014primer, title={A Primer on Hardware Security: Models,
Methods, and Metrics}, author={Rostami, Masoud and Koushanfar, Farinaz and
Karri, Ramesh}, journal={Proceedings of the IEEE}, volume={102}, number={8},
pages={1283--1295}, year={2014}, publisher={IEEE} }

@article{economics2011estimating, title={Estimating the global economic and
social impacts of counterfeiting and piracy}, author={Economics, Frontier},
journal={A Report Commissioned by Business Action to Stop Counterfeiting and
Piracy (BASCAP), An ICC Initiative}, year={2011} }

@misc{tehranipoortrusthub, title={TrustHub}, author={Tehranipoor, Mohammad and
Karri, Ramesh and Koushanfar, Farinaz and Potkonjak, Miodrag} }

@article{tehranipoor2010survey, title={A survey of hardware Trojan taxonomy and
detection}, author={Tehranipoor, Mohammad and Koushanfar, Farinaz}, year={2010},
publisher={IEEE} }

@inproceedings{wang2008detecting, title={Detecting malicious inclusions in
secure hardware: Challenges and solutions}, author={Wang, Xiaoxiao and
Tehranipoor, Mohammad and Plusquellic, Jim}, booktitle={Hardware-Oriented
Security and Trust, 2008. HOST 2008. IEEE International Workshop on},
pages={15--19}, year={2008}, organization={IEEE} }

@inproceedings{rad2008power, title={Power supply signal calibration techniques
for improving detection resolution to hardware Trojans}, author={Rad, Reza M and
Wang, Xiaoxiao and Tehranipoor, Mohammad and Plusquellic, Jim},
booktitle={Proceedings of the 2008 IEEE/ACM International Conference on
Computer-Aided Design}, pages={632--639}, year={2008}, organization={IEEE
Press} }

@inproceedings{alkabani2009consistency, title={Consistency-based
characterization for IC Trojan detection}, author={Alkabani, Yousra and
Koushanfar, Farinaz}, booktitle={Proceedings of the 2009 International
Conference on Computer-Aided Design}, pages={123--127}, year={2009},
organization={ACM} }

@inproceedings{potkonjak2009hardware, title={Hardware Trojan horse detection
using gate-level characterization}, author={Potkonjak, Miodrag and Nahapetian,
Ani and Nelson, Michael and Massey, Tammara}, booktitle={Design Automation
Conference, 2009. DAC'09. 46th ACM/IEEE}, pages={688--693}, year={2009},
organization={IEEE} }

@article{wei2012scalable, title={Scalable hardware Trojan diagnosis},
author={Wei, Sheng and Potkonjak, Miodrag}, journal={Very Large Scale
Integration (VLSI) Systems, IEEE Transactions on}, volume={20}, number={6},
pages={1049--1057}, year={2012}, publisher={IEEE} }

@inproceedings{li2008speed, title={At-speed delay characterization for IC
authentication and Trojan horse detection}, author={Li, Jie and Lach, John},
booktitle={Hardware-Oriented Security and Trust, 2008. HOST 2008. IEEE
International Workshop on}, pages={8--14}, year={2008}, organization={IEEE} }

@inproceedings{jin2008hardware, title={Hardware Trojan detection using path
delay fingerprint}, author={Jin, Yier and Makris, Yiorgos},
booktitle={Hardware-Oriented Security and Trust, 2008. HOST 2008. IEEE
International Workshop on}, pages={51--57}, year={2008}, organization={IEEE} }

@inproceedings{forte2013temperature, title={Temperature tracking: An innovative
run-time approach for hardware Trojan detection}, author={Forte, Domenic and
Bao, Chongxi and Srivastava, Ankur}, booktitle={Proceedings of the International
Conference on Computer-Aided Design}, pages={532--539}, year={2013},
organization={IEEE Press} }

@inproceedings{hu2013high, title={High-sensitivity hardware trojan detection
using multimodal characterization}, author={Hu, Kangqiao and Nowroz, Abdullah
Nazma and Reda, Sherief and Koushanfar, Farinaz}, booktitle={Design, Automation
\& Test in Europe Conference \& Exhibition (DATE), 2013}, pages={1271--1276},
year={2013}, organization={IEEE} }

@inproceedings{suh2007physical, title={Physical unclonable functions for device
authentication and secret key generation}, author={Suh, G Edward and Devadas,
Srinivas}, booktitle={Proceedings of the 44th annual Design Automation
Conference}, pages={9--14}, year={2007}, organization={ACM} }
